@article{TDK,
author = {Tektronix},
title = {Time Domain Reflectometry - Measurement Concept Series},
journal = {Aplication Note}
}

@article{TDK2,
author = {Tektronix},
title = {TDR Impedance Measurements: A Foundation for Signal Integrity},
journal = {Aplication Note}
}

@MastersThesis{Capovilla,
author = {Capovilla, Carlos Eduardo },
title = {Antenas planares aplicadas as comunicações moveis de ultimas gerações utilizando elementos quasi-Yagi},
school = {University of Campinas},
address = {Brazil},
year = {2004},
}

@ARTICLE{agilent,
author = {Agilent},
Title = {Time Domain Reflectometry Theory}, 
journal = { Application Note 1304-1},

}

@PHDthesis{Petr,
author = {Petr Lorenz},
title = {Transmission Line Matrix – Multipole Expansion Method},
school = {Universidade de Monique},
adress = {Alemanha},
year = {2007}
}

@BOOK{Gupta,
author = { K. C. Gupta},
title = {Analisys and Desing of Integrated Circuit Antenna Modules},
year = {2000},
publisher = {John Wile \& Sons},
}

@BOOK{Bhartia,
author = {P. Bhartia and K. V. S. Rao},
title = {Millimeter-Wave Microstrip ans Printed Circuit Antennas},
year = {1990},
publisher = {Artech House},
}

@MastersThesis{McCabe,
author = {McCabe, Steven Owen },
title = {Inpulse TDR and it's Application to Characterization of Antennas},
school = {Universidade de Waikato},
address = {Nova Zelândia},
year = {2011},
}

@INPROCEEDINGS{Cataldo,
author={Cataldo, A. and Monti, G. and De Benedetto, E. and Cannazza, G. and Tarricone, L. and Catarinucci, L.},
booktitle={Instrumentation and Measurement Technology Conference Proceedings, 2008. IMTC 2008. IEEE},
title={A Comparative Analysis of Reflectometry Methods for Characterization of Antennas},
year={2008},
pages={240-243},
keywords={S-parameters;antennas;extrapolation;frequency-domain analysis;mean square error methods;time-domain analysis;time-domain reflectometry;Radio Frequency Identification;Su extrapolation;antenna characterization measurement;frequency-domain analysis;root mean square error;scattering parameter;time domain reflectometry;time-domain analysis;Anechoic chambers;Antenna measurements;Frequency domain analysis;Frequency measurement;Performance analysis;Performance evaluation;Radiofrequency identification;Reflectometry;Reflector antennas;Time domain analysis;antenna measurements;frequency domain analysis;microwave reflectometry;scattering parameters;time domain reflectometry},
doi={10.1109/IMTC.2008.4547038},
ISSN={1091-5281},}

@inbook {Nguyen,
title = { Analysis methods for RF, microwave, and millimeter-wave planar transmission line structures},
author = {Nguyen, Cam},
publisher = {John Wiley \& Sons, Inc.},
isbn = {9780471200673},
url = {http://dx.doi.org/10.1002/0471200670},
keywords = {planar transmission lines, microwave integrated circuits, introduction, analysis methods, organization},
booktitle = {Analysis Methods for RF, Microwave, and Millimeter-Wave Planar Transmission Line Structures},
year = {2001},
chapter = {1},
pages = {1--11},
}
@inbook {Nguyen2,
title = { Analysis methods for RF, microwave, and millimeter-wave planar transmission line structures},
author = {Nguyen, Cam},
publisher = {John Wiley \& Sons, Inc.},
isbn = {9780471200673},
url = {http://dx.doi.org/10.1002/0471200670},
keywords = {planar transmission lines, microwave integrated circuits, introduction, analysis methods, organization},
booktitle = {Analysis Methods for RF, Microwave, and Millimeter-Wave Planar Transmission Line Structures},
year = {2001},
chapter = {4},
pages = {63--84},
}

@ARTICLE{Grieg, 
author={Grieg, D.D. and Engelmann, H. F.}, 
journal={Proceedings of the IRE}, 
title={Microstrip-A New Transmission Technique for the Klilomegacycle Range}, 
year={1952}, 
month={Dec}, 
volume={40}, 
number={12}, 
pages={1644-1650}, 
keywords={Coaxial components;Conductors;Laboratories;Manufacturing;Microstrip components;Microwave propagation;Microwave theory and techniques;Planar waveguides;Senior members;Transmission line theory}, 
doi={10.1109/JRPROC.1952.274144}, 
ISSN={0096-8390},}

@book{Rainee,
title = {Coplanar Waveguides, Circuits, Components and Systems},
author = {Simons, Rainee N.},
publisher = {John Wiley \& Sons, Inc.},
keywords = {Microwaves transmission lines,Wave guides, Antennas (Eletronics),},
booktitle = {Coplanar Waveguides, Circuits, Components and Systems},
year = {2001},
}

@ARTICLE{Ghione, 
author={Ghione, G. and Naldi, C.}, 
journal={Electronics Letters}, 
title={Analytical formulas for coplanar lines in hybrid and monolithic MICs}, 
year={1984}, 
month={February}, 
volume={20}, 
number={4}, 
pages={179-181}, 
keywords={III-V semiconductors;hybrid integrated circuits;microwave integrated circuits;monolithic integrated circuits;GaAs;III-V semiconductors;analytical formulas;coplanar lines;coplanar waveguides;hybrid MICs;monolithic MICs}, 
doi={10.1049/el:19840120}, 
ISSN={0013-5194},}

@article{Leo,
author = {Leo G. Maloratsky},
title = {Reviewing The Basics Of Microstrip Lines},
year = {2000},
month = {March},
journal = {MICROWAVES \& RF},
url = {http://paginas.fe.up.pt/~hmiranda/etele/microstrip\underline{\hspace{.1in}}basics.pdf},
}

@book{Hoffmann,
title = {Handbook of Microwave Integrated Circuits },
author = {Hoffmann, Reinmut k.},
publisher = {Artech House},
keywords = {Microwaves transmission lines,Wave guides, Antennas (Eletronics),},
booktitle = {Handbook of Microwave Integrated Circuits },
year = {1987},
}

@book{Eugene,
title = {Table of functions },
author = {Jahnke, Eugene },
publisher = {Dover},
keywords = {Tables, Functions,},
booktitle = {Table of functions},
year = {1945},
}

@book{Byrd,
title = {Handbook of Elliptic Integrals for Engineers and Scientists },
author = { Byrd, Paul F. and  Friedman, Morris D.},
publisher = {Spinger},
keywords = {Tables, Functions,},
booktitle = {Table of functions},
year = {1971},
}
@book{Alan,
title = {Guide to Tables of Elliptic Functions },
author = {Fletcher, Alan },
publisher = {MTAC},
keywords = {Tables, Functions,},
booktitle = {Guide to Tables of Elliptic Functions },
year = {1948},
}

@article{Patel,
title = {Microstrip Patch Antenna - A Historical Perspective of the Development},
author = { Patel, B. D.},
journal = {Atlantis Press},
year = {2013}
}

@article{Benjamin,
title = {Microstrip Ring Ressonator Based Frequency Reconfigurable Band-Pass Filters at K-Band},
author = {Rohrdantz ,Benjamin and Schmidt, Vincent and Jacob, Arne F.},
journal = {20th International Conference on Microwave, Radar and Wireless Communications},
year = {2014}
}

@article{Mauricio,
title = {Practical Guidelines for Design and implementations of microwave Absorber Using FSS-Frequenc Selective Surfaces},
author = {Webber, Maurício and Barbin, Ernesto and Kretly, Luiz},
journal = {20th International Conference on Microwave, Radar and Wireless Communications},
year = {2014}
}

@book{Ida,
title = {Engineering Electromagnetics},
author = { Nathan Ida},
publisher = {Springer},
booktitle = {Engineering Electromagnetics},
year = {2000},
}